% !TEX root = report.tex

@Book{optimal_filtering,
    author    = "Brian D. O. {Anderson} and John B. {Moore}",
    title     = "Optimal Filtering",
    publisher = "Prentice Hall",
    year      =  1979,
}

@INPROCEEDINGS{cbc_2015_loeliger,
    author={H. {Loeliger} and G. {Wilckens}},
    booktitle={2015 Information Theory and Applications Workshop (ITA)},
    title={Control-based analog-to-digital conversion without sampling and quantization},
    year={2015},
    volume={},
    number={},
    pages={119-122},
    doi={10.1109/ITA.2015.7308975}
}

@INPROCEEDINGS{cbc_2011_loeliger,
    author={H. {Loeliger} and L. {Bolliger} and G. {Wilckens} and J. {Biveroni}},
    booktitle={2011 Information Theory and Applications Workshop},
    title={Analog-to-digital conversion using unstable filters},
    year={2011},
    volume={},
    number={},
    pages={1-4},
    doi={10.1109/ITA.2011.5743620}
}

@article{cbc_2020_loeliger,
    title={Control-Bounded Analog-to-Digital Conversion: Transfer Function Analysis, Proof of Concept, and Digital Filter Implementation},
    author={Hans-Andrea Loeliger and Hampus Malmberg and Georg Wilckens},
    year={2020},
    eprint={2001.05929},
    archivePrefix={arXiv},
    primaryClass={eess.SP}
}

@unpublished{malmberg_thesis,
  author = {Hampus Malmberg},
  title  = {Control-Bounded Converters},
  note   = {},
  year   = {2020}
}

@INPROCEEDINGS{malmberg_talk,
  author={H. {Malmberg} and H. -A. {Loeliger}},
  booktitle={2020 IEEE International Symposium on Circuits and Systems (ISCAS)},
  title={Analog-to-Digital Conversion using Self-Averaging Analog Hadamard Networks},
  year={2020},
  volume={},
  number={},
  pages={1-1},
  doi={10.1109/ISCAS45731.2020.9181151}}

@book{johns_martin,
  author         = {Tony Chan Carusone and David Johns and Kenneth Martin},
  editor         = {},
  title          = {Analog Integrated Circuit Design, second edition},
  publisher      = {John Wiley and Sons Inc.},
  year           = {2013}
}

@misc{spectre,
  author       = {Cadence Design Systems, Inc},
  title        = {Spectre Simulation Platform},
  year         = {2020},
  howpublished = {\url{https://www.cadence.com/ko_KR/home/tools/custom-ic-analog-rf-design/circuit-simulation/spectre-simulation-platform.html}}

}

@misc{cbadcsim2,
  author = {Fredrik Feyling},
  title = {cbadcsim2},
  year = {2020},
  publisher = {GitHub},
  journal = {GitHub repository},
  howpublished = {\url{https://github.com/fredrief/cbadcsim2}}
}

@ARTICLE{haugen_SAP_DW_volume_img,
  author={P. {Santos} and G. U. {Haugen} and L. {Løvstakken} and E. {Samset} and J. {D’hooge}},
  journal={IEEE Transactions on Ultrasonics, Ferroelectrics, and Frequency Control},
  title={Diverging Wave Volumetric Imaging Using Subaperture Beamforming},
  year={2016},
  volume={63},
  number={12},
  pages={2114-2124},
  doi={10.1109/TUFFC.2016.2616172}
}

@INPROCEEDINGS{haugen_3D_imaging_SAP_pilot,
  author={P. {Santos} and G. {Haugen} and L. {Løvstakken} and E. {Samset} and J. {D'hooge}},
  booktitle={2016 IEEE International Ultrasonics Symposium (IUS)},
  title={High frame rate 3D tissue velocity imaging using sub-aperture beamforming: A pilot study in vivo},
  year={2016},
  volume={},
  number={},
  pages={1-4},
  doi={10.1109/ULTSYM.2016.7728385}}
